@misc{tsimcne,
      title={Unsupervised visualization of image datasets using contrastive learning}, 
      author={Jan Niklas BÃ¶hm and Philipp Berens and Dmitry Kobak},
      year={2023},
      eprint={2210.09879},
      archivePrefix={arXiv},
      primaryClass={cs.LG}
}

@inproceedings{simclr,
  title={A simple framework for contrastive learning of visual representations},
  author={Chen, Ting and Kornblith, Simon and Norouzi, Mohammad and Hinton, Geoffrey},
  booktitle={International conference on machine learning},
  pages={1597--1607},
  year={2020},
  organization={PMLR}
}

@InProceedings{moco,
    author = {He, Kaiming and Fan, Haoqi and Wu, Yuxin and Xie, Saining and Girshick, Ross},
    title = {Momentum Contrast for Unsupervised Visual Representation Learning},
    booktitle = {Proceedings of the IEEE/CVF Conference on Computer Vision and Pattern Recognition (CVPR)},
    month = {June},
    year = {2020}
}

@article{byol,
  title={Bootstrap your own latent-a new approach to self-supervised learning},
  author={Grill, Jean-Bastien and Strub, Florian and Altch{\'e}, Florent and Tallec, Corentin and Richemond, Pierre and Buchatskaya, Elena and Doersch, Carl and Avila Pires, Bernardo and Guo, Zhaohan and Gheshlaghi Azar, Mohammad and others},
  journal={Advances in neural information processing systems},
  volume={33},
  pages={21271--21284},
  year={2020}
}

@inproceedings{azizi,
  title={Big self-supervised models advance medical image classification},
  author={Azizi, Shekoofeh and Mustafa, Basil and Ryan, Fiona and Beaver, Zachary and Freyberg, Jan and Deaton, Jonathan and Loh, Aaron and Karthikesalingam, Alan and Kornblith, Simon and Chen, Ting and others},
  booktitle={Proceedings of the IEEE/CVF international conference on computer vision},
  pages={3478--3488},
  year={2021}
}

@article{pucl,
  title={Positive unlabeled contrastive learning},
  author={Acharya, Anish and Sanghavi, Sujay and Jing, Li and Bhushanam, Bhargav and Choudhary, Dhruv and Rabbat, Michael and Dhillon, Inderjit},
  journal={arXiv preprint arXiv:2206.01206},
  year={2022}
}

@article{chuang2020debiased,
  title={Debiased contrastive learning},
  author={Chuang, Ching-Yao and Robinson, Joshua and Lin, Yen-Chen and Torralba, Antonio and Jegelka, Stefanie},
  journal={Advances in neural information processing systems},
  volume={33},
  pages={8765--8775},
  year={2020}
}

@article{robinson2020contrastive,
  title={Contrastive learning with hard negative samples},
  author={Robinson, Joshua and Chuang, Ching-Yao and Sra, Suvrit and Jegelka, Stefanie},
  journal={arXiv preprint arXiv:2010.04592},
  year={2020}
}

@article{tian2022understanding,
  title={Understanding deep contrastive learning via coordinate-wise optimization},
  author={Tian, Yuandong},
  journal={Advances in Neural Information Processing Systems},
  volume={35},
  pages={19511--19522},
  year={2022}
}

@inproceedings{van2024exploring,
  title={Exploring image augmentations for siamese representation learning with chest x-rays},
  author={Van der Sluijs, Rogier and Bhaskhar, Nandita and Rubin, Daniel and Langlotz, Curtis and Chaudhari, Akshay S},
  booktitle={Medical Imaging with Deep Learning},
  pages={444--467},
  year={2024},
  organization={PMLR}
}

@inproceedings{kang2023benchmarking,
  title={Benchmarking self-supervised learning on diverse pathology datasets},
  author={Kang, Mingu and Song, Heon and Park, Seonwook and Yoo, Donggeun and Pereira, S{\'e}rgio},
  booktitle={Proceedings of the IEEE/CVF Conference on Computer Vision and Pattern Recognition},
  pages={3344--3354},
  year={2023}
}
@inproceedings{li2021dual,
  title={Dual-stream multiple instance learning network for whole slide image classification with self-supervised contrastive learning},
  author={Li, Bin and Li, Yin and Eliceiri, Kevin W},
  booktitle={Proceedings of the IEEE/CVF conference on computer vision and pattern recognition},
  pages={14318--14328},
  year={2021}
}

@inproceedings{wang2021transpath,
  title={Transpath: Transformer-based self-supervised learning for histopathological image classification},
  author={Wang, Xiyue and Yang, Sen and Zhang, Jun and Wang, Minghui and Zhang, Jing and Huang, Junzhou and Yang, Wei and Han, Xiao},
  booktitle={Medical Image Computing and Computer Assisted Intervention--MICCAI 2021: 24th International Conference, Strasbourg, France, September 27--October 1, 2021, Proceedings, Part VIII 24},
  pages={186--195},
  year={2021},
  organization={Springer}
}

@article{van2021revisiting,
  title={Revisiting contrastive methods for unsupervised learning of visual representations},
  author={Van Gansbeke, Wouter and Vandenhende, Simon and Georgoulis, Stamatios and Gool, Luc V},
  journal={Advances in Neural Information Processing Systems},
  volume={34},
  pages={16238--16250},
  year={2021}
}

@article{zang2023boosting,
  title={Boosting Unsupervised Contrastive Learning Using Diffusion-Based Data Augmentation From Scratch},
  author={Zang, Zelin and Luo, Hao and Wang, Kai and Zhang, Panpan and Wang, Fan and Li, Stan and You, Yang and others},
  journal={arXiv preprint arXiv:2309.07909},
  year={2023}
}

@article{roweis2000nonlinear,
  title={Nonlinear dimensionality reduction by locally linear embedding},
  author={Roweis, Sam T and Saul, Lawrence K},
  journal={science},
  volume={290},
  number={5500},
  pages={2323--2326},
  year={2000},
  publisher={American Association for the Advancement of Science}
}

@article{hinton2002stochastic,
  title={Stochastic neighbor embedding},
  author={Hinton, Geoffrey E and Roweis, Sam},
  journal={Advances in neural information processing systems},
  volume={15},
  year={2002}
}

@article{van2008visualizing,
  title={Visualizing data using t-SNE.},
  author={Van der Maaten, Laurens and Hinton, Geoffrey},
  journal={Journal of machine learning research},
  volume={9},
  number={11},
  year={2008}
}
@article{mcinnes2018umap,
  title={Umap: Uniform manifold approximation and projection for dimension reduction},
  author={McInnes, Leland and Healy, John and Melville, James},
  journal={arXiv preprint arXiv:1802.03426},
  year={2018}
}

@inproceedings{tang2016visualizing,
  title={Visualizing large-scale and high-dimensional data},
  author={Tang, Jian and Liu, Jingzhou and Zhang, Ming and Mei, Qiaozhu},
  booktitle={Proceedings of the 25th international conference on world wide web},
  pages={287--297},
  year={2016}
}

@article{amid2019trimap,
  title={TriMap: Large-scale dimensionality reduction using triplets},
  author={Amid, Ehsan and Warmuth, Manfred K},
  journal={arXiv preprint arXiv:1910.00204},
  year={2019}
}

@inproceedings{van2009learning,
  title={Learning a parametric embedding by preserving local structure},
  author={Van Der Maaten, Laurens},
  booktitle={Artificial intelligence and statistics},
  pages={384--391},
  year={2009},
  organization={PMLR}
}

@inproceedings{sharma2023auc,
  title={AUC-CL: A Batchsize-Robust Framework for Self-Supervised Contrastive Representation Learning},
  author={Sharma, Rohan and Ji, Kaiyi and Chen, Changyou and others},
  booktitle={The Twelfth International Conference on Learning Representations},
  year={2023}
}

@article{leukemia,
  title={A single-cell morphological dataset of leukocytes from AML patients and non-malignant controls (AML-Cytomorphology\_LMU)},
  author={Matek, Christian and Schwarz, Simone and Marr, Carsten and Spiekermann, Karsten},
  journal={The Cancer Imaging Archive (TCIA)[Internet]},
  year={2019}
}

@article{medmnist,
    title={MedMNIST v2-A large-scale lightweight benchmark for 2D and 3D biomedical image classification},
    author={Yang, Jiancheng and Shi, Rui and Wei, Donglai and Liu, Zequan and Zhao, Lin and Ke, Bilian and Pfister, Hanspeter and Ni, Bingbing},
    journal={Scientific Data},
    volume={10},
    number={1},
    pages={41},
    year={2023},
    publisher={Nature Publishing Group UK London}
}
@article{cifar10,
  title={Learning multiple layers of features from tiny images},
  author={Alex, Krizhevsky},
  journal={https://www. cs. toronto. edu/kriz/learning-features-2009-TR. pdf},
  year={2009}
}